@misc{ai-wikipedia,
  author={Wikipedia},
  title={KÃ¼nstliche Intelligenz},
  url={https://de.wikipedia.org/wiki/K%C3%BCnstliche_Intelligenz},
  urldate={2023-04-20},
  year={2023}
}

@book{example,
  title={The Title of the Book},
  author={The Author},
  publisher={The Publisher},
  year={2017},
}

@misc{tench-messy-data,
  title={When Data is messy},
  author={Janelle Shane},
  url={https://www.aiweirdness.com/when-data-is-messy-20-07-03/},
  year={2020},
}